@article{example,
	title   = {Example publication title},
	author  = {Your name},
	journal = {Journal name},
	year    = {2023}
}